%1
@article{foster2006s,
  title={It's not your peers, and it's not your friends: Some progress toward understanding the educational peer effect mechanism},
  author={Foster, Gigi},
  journal={Journal of public Economics},
  volume={90},
  number={8},
  pages={1455--1475},
  year={2006},
  publisher={Elsevier}
}
%2
@article{mcewan2006roommate,
  title={Roommate effects on grades: Evidence from first-year housing assignments},
  author={McEwan, Patrick J and Soderberg, Kristen A},
  journal={Research in Higher Education},
  volume={47},
  number={3},
  pages={347--370},
  year={2006},
  publisher={Springer}
}
%3
@article{carman2012classroom,
  title={Classroom peer effects and academic achievement: Evidence from a Chinese middle school},
  author={Carman, Katherine Grace and Zhang, Lei},
  journal={China Economic Review},
  volume={23},
  number={2},
  pages={223--237},
  year={2012},
  publisher={Elsevier}
}
%4
@article{kang2007classroom,
  title={Classroom peer effects and academic achievement: Quasi-randomization evidence from South Korea},
  author={Kang, Changhui},
  journal={Journal of Urban Economics},
  volume={61},
  number={3},
  pages={458--495},
  year={2007},
  publisher={Elsevier}
}
%5
@article{betts2003determinants,
  title={The Determinants of Undergraduate Grade Point Average: The Relative Importance of Family Background, High School Resources, and Peer Group Effects},
  author={Betts, JR and Morell, Darlene},
  journal={International Library of Critical Writings in Economics},
  volume={165},
  pages={310--335},
  year={2003},
  publisher={EDWARD ELGAR PUBLISHING LTD}
}
%6
@article{dooley2012persistence,
  title={Persistence and academic success in university},
  author={Dooley, Martin D and Payne, A Abigail and Robb, A Leslie},
  journal={Canadian Public Policy},
  volume={38},
  number={3},
  pages={315--339},
  year={2012},
  publisher={University of Toronto Press}
}
%7
@article{diette2015class,
  title={Class Size Matters: Heterogeneous Effects of Larger Classes on College Student Learning},
  author={Diette, Timothy M and Raghav, Manu},
  journal={Eastern Economic Journal},
  volume={41},
  number={2},
  pages={273--283},
  year={2015},
  publisher={Nature Publishing Group}
}
%8
@article{kokkelenberg2008effects,
  title={The effects of class size on student grades at a public university},
  author={Kokkelenberg, Edward C and Dillon, Michael and Christy, Sean M},
  journal={Economics of Education Review},
  volume={27},
  number={2},
  pages={221--233},
  year={2008},
  publisher={Elsevier}
}
%9
@article{greene2002limdep,
  title={LIMDEP, version 8.0. Econometric Modeling Guide, Vol 1. Plainview, NY: Econometric Software},
  author={Greene, William H},
  journal={Inc., pp. E14-9-E14-11},
  year={2002}
}
%10
@article{burke2013classroom,
  title={Classroom peer effects and student achievement},
  author={Burke, Mary A and Sass, Tim R},
  journal={Journal of Labor Economics},
  volume={31},
  number={1},
  pages={51--82},
  year={2013},
  publisher={JSTOR}
}
%11
@book{schlosser2008inside,
  title={Inside the Black Box of Ability Peer Effects: Evidence from Variation in Low Achievers in the Classroom},
  author={Schlosser, Analia and Lavy, Victor and Paserman, M Daniele},
  year={2008},
  publisher={Pinhas Sapir Center for Development}
}
%12
@article{lavy2012good,
  title={The good, the bad, and the average: evidence on ability peer effects in schools},
  author={Lavy, Victor and Silva, Olmo and Weinhardt, Felix},
  journal={Journal of Labor Economics},
  volume={30},
  number={2},
  pages={367--414},
  year={2012},
  publisher={JSTOR}
}
%13
@article{tversky1991loss,
  title={Loss aversion in riskless choice: A reference-dependent model},
  author={Tversky, Amos and Kahneman, Daniel},
  journal={The quarterly journal of economics},
  pages={1039--1061},
  year={1991},
  publisher={JSTOR}
}
%14
@article{shalev2002loss,
  title={Loss aversion and bargaining},
  author={Shalev, Jonathan},
  journal={Theory and decision},
  volume={52},
  number={3},
  pages={201--232},
  year={2002},
  publisher={Springer}
}
%15
@article{goette2004loss,
  title={Loss aversion and labor supply},
  author={Goette, Lorenz and Huffman, David and Fehr, Ernst},
  journal={Journal of the European Economic Association},
  volume={2},
  number={2-3},
  pages={216--228},
  year={2004},
  publisher={Wiley Online Library}
}
%16
@article{griffith2014peer,
  title={Peer effects in higher education: A look at heterogeneous impacts},
  author={Griffith, Amanda L and Rask, Kevin N},
  journal={Economics of Education Review},
  volume={39},
  pages={65--77},
  year={2014},
  publisher={Elsevier}
}
%17
@article{zimmerman2003peer,
  title={Peer effects in academic outcomes: Evidence from a natural experiment},
  author={Zimmerman, David J},
  journal={Review of Economics and statistics},
  volume={85},
  number={1},
  pages={9--23},
  year={2003},
  publisher={MIT Press}
}
%18
@techreport{sacerdote2000peer,
  title={Peer effects with random assignment: Results for Dartmouth roommates},
  author={Sacerdote, Bruce},
  year={2000},
  institution={National bureau of economic research}
}
%19
@article{heckman1979sample,
  title={Sample Selection Bias as a Specification Error.},
  author={Heckman, James},
  journal={Econometrica},
  year={1979}
}
%20
@article{ding2007peers,
  title={Do peers affect student achievement in China's secondary schools?},
  author={Ding, Weili and Lehrer, Steven F},
  journal={The Review of Economics and Statistics},
  volume={89},
  number={2},
  pages={300--312},
  year={2007},
  publisher={MIT Press}
}
%21
@article{oladipupo2013does,
  title={Does Working Capital Management Matter in Dividend Policy Decision? Empirical Evidence from Nigeria},
  author={Oladipupo, Adesina Olugoke and Ibadin, Peter Okoeguale},
  journal={International Journal of Financial Research},
  volume={4},
  number={4},
  pages={140},
  year={2013},
  publisher={Sciedu Press}
}
%22
@article{gonzalez2013gibrat,
  title={Gibrat's law for cities, growth regressions and sample size},
  author={Gonz{\'a}lez-Val, Rafael and Lanaspa, Luis and Sanz-Gracia, Fernando},
  journal={Economics Letters},
  volume={118},
  number={2},
  pages={367--369},
  year={2013},
  publisher={Elsevier}
}
%23
@article{oosterbeek2014gender,
  title={Gender peer effects in university: Evidence from a randomized experiment},
  author={Oosterbeek, Hessel and Van Ewijk, Reyn},
  journal={Economics of Education Review},
  volume={38},
  pages={51--63},
  year={2014},
  publisher={Elsevier}
}
%24
@techreport{smith2015new,
  title={A New Measure of College Quality to Study the Effects of College Sector and Peers on Degree Attainment},
  author={Smith, Jonathan and Stange, Kevin},
  year={2015},
  institution={National Bureau of Economic Research}
}
%25
@article{luppino2015college,
  title={College major peer effects and attrition from the sciences},
  author={Luppino, Marc and Sander, Richard},
  journal={IZA Journal of Labor Economics},
  volume={4},
  number={1},
  pages={1--23},
  year={2015},
  publisher={Springer}
}
%26
@article{ost2010role,
  title={The role of peers and grades in determining major persistence in the sciences},
  author={Ost, Ben},
  journal={Economics of Education Review},
  volume={29},
  number={6},
  pages={923--934},
  year={2010},
  publisher={Elsevier}
}
%27
@article{sarmiento2015quality,
  title={Quality differences of higher education and its determinants in a less-developed country},
  author={Sarmiento Espinel, Jaime Andr{\'e}s and Silva Arias, Adriana Carolina and Van Gameren, Edwin},
  journal={Journal of Higher Education Policy and Management},
  volume={37},
  number={2},
  pages={204--221},
  year={2015},
  publisher={Taylor \& Francis}
}
%28
@article{black2006estimating,
  title={Estimating the returns to college quality with multiple proxies for quality},
  author={Black, Dan A and Smith, Jeffrey A},
  journal={Journal of labor Economics},
  volume={24},
  number={3},
  pages={701--728},
  year={2006},
  publisher={JSTOR}
}